
@online{AllAboutCircuits2020,
  author       = {All About Circuits},
  title        = {Lossy Transmission Lines: Introduction to the Skin Effect},
  year         = {2020},
  url          = {https://www.allaboutcircuits.com/technical-articles/lossy-transmission-lines-introduction-to-the-skin-effect},
  note         = {Tilgjengelig fra All About Circuits},
  urldate      = {2025-10-06}
}

@book{HaytBuck2018,
  author       = {William H. Hayt Jr. and John A. Buck},
  title        = {Engineering Electromagnetics},
  edition      = {8th Edition},
  year         = {2018},
  publisher    = {McGraw-Hill Education},
  address      = {New York},
  url          = {https://dn790009.ca.archive.org/0/items/electromagnetic-field-theory/William%20H.%20Hayt%2C%20Jr.%20and%20John%20A.%20Buck%20-%20Engineering%20Electromagnetics-McGraw-Hill%20Education%20%282018%29.pdf},
  note         = {Kapittel om transmisjonslinjer og propagasjonskonstanten},
  urldate      = {2025-10-06}
}

@misc{TelegraflikningenPDF,
  author       = {Lars Nils Bakken},
  title        = {Telegrafligningen},
  howpublished = {PDF-dokument},
  year         = {2024},
  note         = {Utledelse og l√∏sning av telegrafligningen, vedlagt i prosjektet},
  url          = {Telegrafligningen.pdf}
}

@online{PalermoLecture2023,
  author       = {Samuel Palermo},
  title        = {Propagation on Transmission Lines},
  year         = {2023},
  institution  = {Texas A\&M University},
  url          = {https://people.engr.tamu.edu/spalermo/ecen689/lecture3_ee689_tlines.pdf},
  note         = {Forelesningsnotat i ECEN689},
  urldate      = {2025-10-06}
}


